<?xml version="1.0" encoding="UTF-8"?><collection xmlns="http://www.loc.gov/MARC21/slim"><record><leader>00614nam--2200181-u-4500</leader><controlfield tag="001">000053083</controlfield><controlfield tag="002">20161230</controlfield><controlfield tag="005">20161230201050</controlfield><controlfield tag="008">110105s1000------------r-----000-0-rum-d</controlfield><datafield ind1=" " ind2=" " tag="040"><subfield code="a">IFIN-HH</subfield></datafield><datafield ind1=" " ind2=" " tag="041"><subfield code="a">rum</subfield></datafield><datafield ind1=" " ind2=" " tag="080"><subfield code="a">539</subfield></datafield><datafield ind1="1" ind2=" " tag="100"><subfield code="a">Cincu, Emanuela</subfield></datafield><datafield ind1="1" ind2="0" tag="245"><subfield code="a">Noi metode analitice pentru caracterizarea materialelor prin tehnica reactiilor nucleare de activare induse de fasciculele de ioni accelerati si neutroni, cuplata cu spectroscopia radiatiilor gamma</subfield><subfield code="b">Rezumatul tezei</subfield><subfield code="c">Emanuela cincu</subfield></datafield><datafield ind1=" " ind2=" " tag="260"><subfield code="a">Bucuresti</subfield><subfield code="b">Ifa</subfield><subfield code="c">2000</subfield></datafield><datafield ind1=" " ind2=" " tag="300"><subfield code="a">84P</subfield></datafield><datafield ind1=" " ind2=" " tag="852"><subfield code="a">81125</subfield><subfield code="c">539</subfield></datafield><datafield ind1=" " ind2=" " tag="CAT"><subfield code="a">Sys</subfield><subfield code="c">20110105</subfield><subfield code="h">121418</subfield></datafield></record></collection>